<?xml version="1.0" encoding="UTF-8"?><record xmlns="http://www.loc.gov/MARC21/slim" xmlns:cinclude="http://apache.org/cocoon/include/1.0" xmlns:zs="http://www.loc.gov/zing/srw/">
  <leader>00533nz  a2200145n  4500</leader>
  <controlfield tag="001">no2010074760</controlfield>
  <controlfield tag="003">DLC</controlfield>
  <controlfield tag="005">20100507070926.0</controlfield>
  <controlfield tag="008">100505n| acannaabn          |a aaa     c</controlfield>
  <datafield tag="010" ind1=" " ind2=" ">
    <subfield code="a">no2010074760</subfield>
  </datafield>
  <datafield tag="035" ind1=" " ind2=" ">
    <subfield code="a">(OCoLC)oca08484453</subfield>
  </datafield>
  <datafield tag="040" ind1=" " ind2=" ">
    <subfield code="a">NjP</subfield>
    <subfield code="b">eng</subfield>
    <subfield code="c">NjP</subfield>
  </datafield>
  <datafield tag="100" ind1="1" ind2=" ">
    <subfield code="a">Lobeĭko, I︠U︡. A.</subfield>
    <subfield code="q">(I︠U︡riĭ Aleksandrovich)</subfield>
  </datafield>
  <datafield tag="400" ind1="1" ind2=" ">
    <subfield code="a">Lobeĭko, I︠U︡riĭ Aleksandrovich</subfield>
  </datafield>
  <datafield tag="670" ind1=" " ind2=" ">
    <subfield code="a">Psikhologo-pedagogicheskiĭ slovarʹ-spravochnik, 2004:</subfield>
    <subfield code="b">t.p. verso (I︠U︡.A. Lobeĭko) cover p. 4 ( I︠U︡riĭ Aleksandrovich Lobeĭko)</subfield>
  </datafield>
</record>